@online{MinesJTK,
author = {Dave Hale},
title = {Mines JTK Documentation},
year = {2013},
url = {http://dhale.github.io/jtk/api/index.html},
OPTlanguage = {English},
OPTorganization = {Colorado School of Mines},
}

@online{Javarevisited,
author = {Javin Paul},
title = {10 Example of Hashtable in Java},
year = {2012},
url = {http://javarevisited.blogspot.com/2012/01/java-hashtable-example-tutorial-code.html},
OPTlanguage = {English},
}

@online{UTM,
author = {Steve Dutch},
title = {Converting UTM to Latitude and Longitude (Or Vice Versa)},
year = {2014},
url = {http://www.uwgb.edu/dutchs/usefuldata/utmformulas.htm},
OPTlanguage = {English},
OPTOrganization = {University of Wisconsin: Green Bay},
}

@online{StackOverflow1,
author = {Peter Lawrey},
title = {Converting 5 bytes to an Integer},
year = {2014},
url = {http://stackoverflow.com/questions/22389977/converting-5-bytes-to-an-integer},
OPTlanguage = {English},
}

@online{StackOverflow2,
author = {Javi Fern√°ndez},
title = {Parse a Sting with letters and numbers for an Integer},
year = {2014},
url = {http://stackoverflow.com/questions/23037550/java-parse-a-sting-with-letters-and-numbers-for-an-integer},
OPTlanguage = {English},
}

@manual{Sercel,
author = {Sercel},
OPTorganization = {Sercel Seismic Acquisition Systems},
title = {428XL User's Manual Vol. 2},
year = {2011},
OPTtype = {PDF},
OPTversion = {V5.0},
}

@online{Oracle,
author = {Oracle},
title = {How To Use Sliders},
year = {2014},
url = {http://docs.oracle.com/javase/tutorial/uiswing/components/slider.html},
OPTlanguage = {English},
OPTorganization = {Oracle},
}

@online{tpow,
author = { Nikos Drakos},
title = {Time-power amplitude-gain correction},
year = {2013},
url = {http://www.reproducibility.org/RSF/book/geo391/hw1/paper_html/node4.html},
OPTlanguage = {English},
OPTorganization = {University of Leeds},
}

@article{alpha,
author = {J. F. Claerbout},
title = {Imaging the Earth's interior},
year = {1985},
journal = {Blackwell Scientific Publications},
}

@online{bst,
author = {Wikipedia},
title = {Binary Search Tree},
year = {2013},
url = {http://en.wikipedia.org/wiki/Binary_search_tree},

}
