@online{JTK,
author = {Dave Hale},
title = {Mines JTK Documentation},
year = {2013},
url = {http://dhale.github.io/jtk/api/index.html},
OPTlanguage = {English},
OPTorganization = {Colorado School of Mines},
}

@manual{Sercel,
author = {Sercel},
OPTorganization = {Sercel Seismic Acquisition Systems},
title = {428XL User's Manual Vol. 2},
year = {2011},
OPTtype = {PDF},
OPTversion = {V5.0},
}

@online{bst,
author = {Wikipedia},
title = {Binary Search Tree},
year = {2013},
url = {http://en.wikipedia.org/wiki/Binary_search_tree},

}
